@book{Fletcher:1987:PMO:39857,
 author = {Fletcher, R.},
 title = {Practical Methods of Optimization; (2Nd Ed.)},
 year = {1987},
 isbn = {0-471-91547-5},
 publisher = {Wiley-Interscience},
 address = {New York, NY, USA},
} 

@book{rasmussen_williams_2008, place={Cambridge, MA}, title={Gaussian processes for machine learning}, publisher={MIT Press}, author={Rasmussen, Carl Edward and Williams, Christopher K. I.}, year={2008}} 

@INPROCEEDINGS{Williams97predictionwith,
    author = {C. K. I. Williams},
    title = {Prediction With Gaussian Processes: From Linear Regression To Linear Prediction And Beyond},
    booktitle = {Learning and Inference in Graphical Models},
    year = {1997},
    pages = {599--621},
    publisher = {Kluwer}
}


@phdthesis{neal_1995, title={Bayesian learning for neural networks}, author={Neal, Radford M.}, year={1995}}

@article{article_Zhenpo_Wang ,
author = {Wang, Zhenpo and Ma, Jun and Zhang, Lei},
year = {2017},
month = {10},
pages = {1-1},
title = {State-of-Health Estimation for Lithium-ion Batteries Based on the Multi-Island Genetic Algorithm and the Gaussian Process Regression},
journal = {IEEE Access},
doi = {10.1109/ACCESS.2017.2759094}
}


@article{DBLP:journals/corr/HensmanFL13,
  author    = {James Hensman and
               Nicol{\'{o}} Fusi and
               Neil D. Lawrence},
  title     = {Gaussian Processes for Big Data},
  journal   = {CoRR},
  volume    = {abs/1309.6835},
  year      = {2013},
  url       = {http://arxiv.org/abs/1309.6835},
  archivePrefix = {arXiv},
  eprint    = {1309.6835},
  timestamp = {Mon, 13 Aug 2018 16:48:28 +0200},
  biburl    = {https://dblp.org/rec/bib/journals/corr/HensmanFL13},
  bibsource = {dblp computer science bibliography, https://dblp.org}
}

@phdthesis{duvenaud, title={Automatic model construction with Gaussian processes}, author={Duvenaud, David}}

@article{Micchelli:2006:UK:1248547.1248642,
 author = {Micchelli, Charles A. and Xu, Yuesheng and Zhang, Haizhang},
 title = {Universal Kernels},
 journal = {J. Mach. Learn. Res.},
 issue_date = {12/1/2006},
 volume = {7},
 month = dec,
 year = {2006},
 issn = {1532-4435},
 pages = {2651--2667},
 numpages = {17},
 url = {http://dl.acm.org/citation.cfm?id=1248547.1248642},
 acmid = {1248642},
 publisher = {JMLR.org},
} 



@book{bishop_2013, place={New York}, title={Pattern recognition and machine learning}, publisher={Springer}, author={Bishop, Christopher M.}, year={2013}}


@book{Goodfellow-et-al-2016,
    title={Deep Learning},
    author={Ian Goodfellow and Yoshua Bengio and Aaron Courville},
    publisher={MIT Press},
    note={\url{http://www.deeplearningbook.org}},
    year={2016}
}

@techreport{report:dynamics,
  	author			= "C. Marchington",
 	title			= "Investigation in the Power-Force Dynamics of an Electric Bicycle in Motion",
 	institution     = "University of Bristol",
  	year         	= "2018"
	}f
	
@techreport{report:drivechain,
  	author			= "C. Jones",
 	title			= "An Investigation into the Capabilities of Digital Twins by Modelling the Drivechain of an Electric Bike",
    institution     = "University of Bristol",
  	year         	= "2018"
	}

@techreport{report:structural,
  	author			= "A. Tross Youle",
 	title			= "A Study into the Applicability of Digital Twin Technology to Modelling of Structural Behaviour for an Electric Bicycle",
 	institution     = "University of Bristol",
  	year         	= "2018"
	}
	
@techreport{report:energy,
  	author			= "O. Daniel",
 	title			= "Investigating the Functionality of Digital Twins Through the Production of a Digital Twin for an Electric Bike’s Energy Management and Storage System",
 	institution     = "University of Bristol",
  	year         	= "2018"
	}

@techreport{report:motor,
  	author			= "R. Robinson",
 	title			= "Assessing the Capabilities of Digital Twins using an Electric Bike Motor as a Case Study",
 	institution     = "University of Bristol",
  	year         	= "2018"
	}

@article{tfl, title={Number of Bicycle Hires}, url={https://data.london.gov.uk/dataset/number-bicycle-hires}, author={TfL}}

@misc{web:DTs,
    author = "P. Keane",
    title = "Digital Twins: Where Are We Now?",
    URL = "www.engineering.com/DesignSoftware/DesignSoftwareArticles/ArticleID/16772/Digital-Twins-Where-Are-We-Now.aspx",
    year = "2018",
    note = "Accessed: 04/12/18"
    }

@misc{ghobadi_2017, 
title={New WindGEMINI advances wind turbine operations}, URL={https://www.dnvgl.com/news/new-windgemini-advances-wind-turbine-operations-104699}, journal={DNV-GL}, author={Ghobadi, Mona}, year={2017}, month={Nov}
    }

@misc{RR_DT,
    author  = "T. Macaulay",
    title = "Rolls-Royce CDO Neil Crockett drives data into engine design",
    URL = "www.cio.co.uk/it-applications/rolls-royce-cdo-neil-crockett-drives-data-into-engine-design-3679389/",
    year = "2018",
    note = "Accessed: 03/12/18"
    }

@misc{pres_DP4Kick-Off,
    author  = "J. Parsons",
    title = "The Application of Digital Twins in Product Development.pptx",
    year = "2017",
    note = "Presentation Dated: 15/09/17"
    }

@misc{minutes:CDR,
    author = "A. Tross Youle",
    title = "Concept Design Review + Post-Review Meeting Minutes",
    year = "2018",
    note = "Meeting Date: 18/10/18"
    }
    
@misc{interim_report,
    author = "G. Burton, O. Daniel, C. Marchington, R. Robinson, A. Tross Youle",
    title = "Assessing the Feasibility of Digital Twins Using Electric Bikes as a Case Study",
    year = "2018",
    }
    
@misc{web:Strava,
    title = "Strava",
    URL = "https://www.strava.com",
    note = "Accessed: 15/02/19"
    }

@misc{web:Santander_bikes,
    author = "Transport for London",
    title = "Santander Cycles",
    URL = "https://tfl.gov.uk/modes/cycling/santander-cycles",
    note = "Accessed: 11/02/19"
    }

@techreport{report:v_model,
  	author			= "K. Forsberg and H. Mooz",
 	title			= "The Relationship of System Engineering to the Project Cycle",
  	published		= "Center for Systems Management",
  	year			= 1995,
	}
	
@misc{v_model,
    title = "Clarus: Concept of Operations",
    author = "L. Osborne et al.",
    institution = "Iteris Inc. (Under Contract to Battelle Memorial Institute)",
    year = "2005",
    month = "Oct"
}

@misc{v_model_proscons,
    title = "What is V-model- advantages, disadvantages and when to use it?",
    URL = "http://tryqa.com/what-is-v-model-advantages-disadvantages-and-when-to-use-it/"
}

@misc{v_model_SDLC,
    title = "SDLC - V-Model",
    URL = "https://www.tutorialspoint.com/sdlc/sdlc_v_model.htm"
}

@misc{web:batt_life,
    author = "Electropaedia",
    title = "Battery Life (and Death)",
    URL = "https://www.mpoweruk.com/life.htm",
    note = "Accessed: 13/02/19"
    }

@techreport{report:Arrhenius,
  	author = "Yalian Yang, Xiaosong Hu, Datong Qing and Fangyuan Chen",
 	title = "Arrhenius Equation-Based Cell-Health Assessment: Application to Thermal Energy Management Design of a HEV NiMH Battery Pack",
  	published		= "Energies",
  	year			= 2013,
	}
	
@article{report:SoH80,
author = "Cheng Lin and Aihua Tang and Wenwei Wang",
title = "A Review of SOH Estimation Methods in Lithium-ion Batteries for Electric Vehicle Applications",
journal = "Energy Procedia",
pages = "1920 - 1925",
year = "2015",
}

@article{report:sidereactions,
author = "Tang, Maureen Han-Mei",
title = "Side Reactions in Lithium-Ion Batteries",
year = "2012",
}

@article{report:ageingmechs,
author = "J. Vetter and P. Novák and M.R. Wagner and C. Veit and K.-C. Möller and J.O. Besenhard and M. Winter and M. Wohlfahrt-Mehrens and C. Vogler and A. Hammouche",
title = "Ageing mechanisms in lithium-ion batteries",
journal = "Journal of Power Sources",
pages = "269 - 281",
year = "2005",
}

@MISC{report:batterypred
    author = {S. Drouilhet and B. L. Johnson and Stephen Drouilhet P. E and L. Johnson},
    title = {A Battery Life Prediction Method for Hybrid Power Applications},
    year = {}
}

@INPROCEEDINGS{report:effctofDoD, 
author={T. {Guena} and P. {Leblanc}}, 
booktitle={INTELEC 06 - Twenty-Eighth International Telecommunications Energy Conference}, 
title={How Depth of Discharge Affects the Cycle Life of Lithium-Metal-Polymer Batteries}, 
year={2006}, 
pages={1-8},
}

@article{report:NASADoD,
author = "L. H. Thaller and H. S. Lim ",
title = "A Prediction Model of the Depth-of-Discharge Effect on the Cycle Life of a Storage Cells",
year = "1987",
}

@article{report:IR_deg,
  title={Degradation Behavior of Lithium-Ion Batteries During Calendar Ageing—The Case of the Internal Resistance Increase},
  author={Daniel-Ioan Stroe and Maciej Swierczynski and Søren Knudsen Kær and Remus Teodorescu},
  journal={IEEE Transactions on Industry Applications},
  volume={54},
  pages={517--525},
  year={2017},
  publisher={IEEE}
}

@article{report:OCV-SOC_temp,
  title={State of Charge Estimation for Lithium-Ion Battery with a Temperature-Compensated Model},
  author={Shichun Yang and Cheng Deng and Yulong Zhang and Yongling He},
  year={2017},
  publisher={Energies}
}

@article{report:OCV_temp,
  title={A Study on the Open Circuit Voltage and State of Charge Characterization of High Capacity Lithium-Ion Battery Under Different Temperature},
  author={Ruifeng Zhang and Bizhong Xia and Baohua Li and Libo Cao and Yongzhi Lai and Weiwei Zheng and Huawen Wang and Wei Wang and Mingwang Wang},
  year={2018},
  publisher={Energies}
}

@article{report:Lam,
title={A practical circuit-based model for Li-ion battery cells in electric vehicle applications},
DOI={10.1109/intlec.2011.6099803},
journal={2011 IEEE 33rd International Telecommunications Energy Conference (INTELEC)},
author={Long Lam and Bauer, Pavol and Kelder, Erik},
year={2011}
}

@techreport{ISO,
type = {Standard},
key = {ISO 12405-4:2018},
year = {2018},
title = {{Electrically propelled road vehicles — Test specification for lithium-ion traction battery packs and systems — Part 4: Performance testing}},
volume = {2018},
institution = {International Organization for Standardization}
}

@article{report:Regression_SOH,
title={Regression Models Using Fully Discharged Voltage and Internal Resistance for State of Health Estimation of Lithium-Ion Batteries},
author={Kuo-Hsin Tseng and Jin-Wei Liang and Wunching Chang and Shyh-Chin Huang },
year={2015},
publisher={Energies}
}

@techreport{report:doddef,
year = {2010},
title = {{Battery Testing manual for Plug-In Hybrid Electric Vehicles}},
institution = {U.S. Department of Energy}
}

@article{report:IR_SOH,
title={State of Health Estimation for Lithium-ion Battery Based on D- UKF},
author={Wang Qiuting and Jiang Yinzhu and Lu Yunhao},
  journal={International Journal of Hybrid Information Technology},
  volume={8},
  pages={55-70},
  year={2015},
}

@book{book:aveSoC,
place={Boston},
title={Advances in Lithium-Ion Batteries},
publisher={Springer US},
author={Van Schalkwijk, Walter and Scrosati, Bruno},
year={2007}
}

@misc{pres:tafel,
  Institution = {University of Connecticut},
  author={Kandler Smith and Kim Gi-Heon and Ahmad Pesaran},
  Howpublished = {215th Electrochrmical Society Meeting},
  Title = {Modeling of Nonuniform Degradation in Large-Format Li-ion Batteries},
  year={2009}
}

@inproceedings{nn:widrow_hoff, 
    author = {B. Widrow and R. Winter}, 
    booktitle = {IEEE Computer Society Press Vol. 21}, 
    title = {Neural Nets for Adaptive Filtering and Adaptive Pattern Recognition}, 
    year = {1988}, 
    pages = {25-39}
    }
    
@inproceedings{nn:universal, 
    author = {K. Hornik, M. Stinchcombe and H. White}, 
    booktitle = {Neural Networks Vol. 21}, 
    title = {Multilayer Feedforward Networks are Universal Approximators}, 
    year = {1989}, 
    pages = {359-366}
    }
    
@misc{nn:medical_blackbox_validation,
  Institution = {AME Big-Data Clinical Trial Collaborative Group},
  author = {Z. Zhang et al.},
  Title = {Opening the Black Box of Neural Networks: Methods for Interpreting Neural Network Models in Clinical Applications},
  year = {2018}
}

@misc{nn:nasa_blackbox_validation,
  Institution = {NASA Ames Research Center},
  author = {D. Mackall, S. Nelson, J. Schumann},
  Title = {Verification and Validation of Neural Networks for Aerospace Systems},
  year = {2002}
}

@misc{nn:u_net,
  Institution = {University of Freiburg, Germany},
  author = {O. Ronneberger, P. Fischer, and T. Brox},
  Title = {U-Net: Convolutional Networks for Biomedical Image Segmentation},
  year = {2015}
}

@inproceedings{nn:gaf, 
    author = {Z. Wang and T. Oates}, 
    booktitle = {2015 AAAI Workshop}, 
    title = {Encoding Time Series as Images for Visual Inspection and Classification Using Tiled Convolutional Neural Networks}, 
    year = {2015}, 
    pages = {40-46}
    }
    
@misc{nn:nn_types,
  author = {A. Tch},
  title = {The Mostly Complete Chart of Neural Networks, Explained},
  URL = {2017://towardsdatascience.com/the-mostly-complete-chart-of-neural-networks-explained-3fb6f2367464},
  year = {2015},
  note = {Accessed: 02/03/19}
}

@techreport{nn:hill_gradients,
author = {R. Hooper, A. Goodier},
title = {SCANNER Research, Geometry Of Local Roads},
institution = {Scott Wilson Pavement Engineering Ltd, Department for Transport},
year = {2006},
}

@techreport{nn:online_learning,
author = {D. Sahoo, Q. Pham, J. Lu, S. Hoi},
title = {Online Deep Learning: Learning Deep Neural Networks on the Fly},
institution = {School of Information Systems, Singapore Management University},
year = {2017},
}

@inproceedings{nn:dropout, 
    author = {N. Srivastava et al.}, 
    booktitle = {Journal of Machine Learning Research}, 
    title = {Dropout: A Simple Way to Prevent Neural Networks from Overfitting},
    pages = {1929-1958},
    year = {2015}, 
    }

@inproceedings{nn:adam_optimiser, 
    author = {D. Kingma and J. Ba}, 
    booktitle = {ICLR 2015}, 
    title = {ADAM: A Method For Stochastic Optimisation}, 
    year = {2015}, 
    }

@techreport{nn:google_batch_norm,
    author = {S. Ioffe and C. Szegedy},
    title = {Batch Normalization: Accelerating Deep Network Training by Reducing Internal Covariate Shift},
    institution = {Google Inc.},
    year = {2015},
}
    
@article{report:cho,
title={Factors that affect cycle-life and possible degradation mechanisms of a Li-ion cell based on LiCoO2},
volume={111},
DOI={10.1016/s0378-7753(02)00305-1},
number={1},
journal={Journal of Power Sources},
author={Choi, Soo Seok and Lim, Hong S},
year={2002},
pages={130-136}
},

@article{report:peterson,
title={Lithium-ion battery cell degradation resulting from realistic vehicle and vehicle-to-grid utilization},
volume={195},
DOI={10.1016/j.jpowsour.2009.10.010},
number={8},
journal={Journal of Power Sources},
author={Peterson, Scott B. and Apt, Jay and Whitacre, J.F.},
year={2010},
pages={2385-2392}
}

@article{report:ocv-temp-eqn,
title={Improved OCV Model of a Li-Ion NMC Battery for Online SOC Estimation Using the Extended Kalman Filter},
author={Ines Baccouche and Sabeur Jemmali and Bilal Manai and Noshin Omar and Najoua Essoukri Ben Amara},
year={2017},
publisher={MDPI}
}

@article{report:IR_temp_soc,
title={Online Lithium-Ion Battery Internal Resistance Measurement Application in State-of-Charge Estimation Using the Extended Kalman Filter},
author={Dian Wang and Yun Bao and Jianjun Shi},
year={2017},
publisher={MDPI},
DOI={10.3390/en10091284}
}

@article{report:SD_def,
title={Self-Discharge Characterization and Modeling
of Electrochemical Capacitor Used for Power
Electronics Applications},
author={Yasser Diab and Pascal Venet and Hamid Gualous and Gerard Rojat},
year={2009},
publisher={IEEE},
volume={24},
pages={510-517},
DOI={10.1109/TPEL.2008.2007116},
number={2},
}

@article{report:SD_eqn,
title={A self-discharge model of Lithium-Sulfur batteries based on direct shuttle current measurement},
author={Vaclav Knap and Daniel-Ioan Stroe and Maciej Swierczynski and Rajlakshmi Purkayastha and Karsten Propp and Remus Teodorescu and Erik Schaltz},
year={2016},
publisher={Elsevier},
journal={Journal of Power Sources},
pages={325-331}
}

@misc{web:SD_rate_1,
    author = "Battery University",
    title = "BU-802b: What does Elevated Self-discharge Do?",
    URL = "https://batteryuniversity.com/learn/article/elevating_self_discharge",
    year = "2018",
    note = "Accessed: 06/03/19"
    }

@misc{report:SD_rate_2,
title={Characteristics of Rechargeable Batteries},
author={Chester Simpson},
year={2011},
publisher={Texas Instruments},
}

@article{report:IR_SOH_eqn,
title={On-board state-of-health monitoring of lithium-ion batteries using linear parameter-varying models},
author={Jürgen Remmlinger and Michael Buchholz and Thomas Soczka-Guth and Klaus Dietmayer},
year={2013},
publisher={Elsevier},
journal={Journal of Power Sources},
pages={689-695}
}

@techreport{report:cd_bikes,
title = {Defining, Measuring, Improving Aerodynamic Testing in the Bicycle Industry},
institution = {Easton Cycling}
}

@book{af_bikes,
    title={Bicycling Science},
    author={David Gordon Wilson and Frank Rowland Whitt},
    publisher={MIT Press},
    year={2004}
}

@techreport{report:motor_spec,
title = {E-bike Mid Drive Motor System (Model:MD.M11/12) User's Guide},
institution = {JHYoch Motor Technology Co. LTD}
}

@article{report:electro,
title={Modeling and Simulation of Lithium-Ion Batteries from a Systems Engineering Perspective},
volume={159},
DOI={10.1149/2.018203jes},
number={3},
journal={Journal of The Electrochemical Society},
author={Ramadesigan, Venkatasailanathan and Northrop, Paul W. C. and De, Sumitava and Santhanagopalan, Shriram and Braatz, Richard D. and Subramanian, Venkat R.},
year={2012},
pages={R31-R45}
}

@misc{mobile_soc, 
title={BU-903: How to Measure State-of-charge}, URL={https://batteryuniversity.com/learn/article/how_to_measure_state_of_charge}, author={Battery University}, year={2017}, month={October}
    }

@book{book:av_rolling_res,
 author = {Helge Noerstrud},
 title = {Sport Aerodynamics},
 year = {2009},
 publisher = {Springer},
} 

@misc{web:batt_temp,
    author = "Electropaedia",
    title = "Lithium Battery Failures",
    URL = "https://www.mpoweruk.com/lithium_failures.htm#lifetime",
    note = "Accessed: 13/02/19"
    }
    
@misc{web:bikes,
url={https://www.visitlondon.com/traveller-information/getting-around-london/london-cycle-hire-scheme},
journal={visitlondon.com},
year={2019}
},

@misc{web:rides,
url={https://data.london.gov.uk/dataset/number-bicycle-hires},
journal={Data.london.gov.uk},
year={2019}
}